<?xml version="1.0" encoding="UTF-8"?><collection xmlns="http://www.loc.gov/MARC21/slim"><record><leader>00552nam--2200181-u-4500</leader><controlfield tag="001">000055540</controlfield><controlfield tag="002">20161230</controlfield><controlfield tag="005">20161230201052</controlfield><controlfield tag="008">130220s1000------------r-----000-0-eng-d</controlfield><datafield ind1=" " ind2=" " tag="040"><subfield code="a">IFIN-HH</subfield></datafield><datafield ind1=" " ind2=" " tag="080"><subfield code="a">413.239</subfield></datafield><datafield ind1="1" ind2=" " tag="100"><subfield code="a">Barginim, B.G</subfield></datafield><datafield ind1="1" ind2="0" tag="245"><subfield code="a">Semiiazicenii slovari po televideniiu, radiolokatii i entennam anglo, russko, frantuzko, ispansko, italiansko, gollandsko, nemetkii</subfield><subfield code="c">B.g. barginim, a.s. bucinskim</subfield></datafield><datafield ind1=" " ind2=" " tag="260"><subfield code="a">Moskva</subfield><subfield code="c">1961</subfield></datafield><datafield ind1=" " ind2=" " tag="300"><subfield code="a">244P</subfield></datafield><datafield ind1="1" ind2=" " tag="700"><subfield code="a">Bucinskim, A.S</subfield></datafield><datafield ind1=" " ind2=" " tag="852"><subfield code="a">D.251</subfield><subfield code="c">SLT</subfield></datafield><datafield ind1=" " ind2=" " tag="CAT"><subfield code="a">Sys</subfield><subfield code="c">20130220</subfield><subfield code="h">133130</subfield></datafield></record></collection>